@article{anthony2020carbontracker,
  title={Carbontracker: Tracking and predicting the carbon footprint of training deep learning models},
  author={Anthony, Lasse F Wolff and Kanding, Benjamin and Selvan, Raghavendra},
  journal={arXiv preprint arXiv:2007.03051},
  year={2020}
}

@article{chen2019mmdetection,
  title={MMDetection: Open mmlab detection toolbox and benchmark},
  author={Chen, Kai and Wang, Jiaqi and Pang, Jiangmiao and Cao, Yuhang and Xiong, Yu and Li, Xiaoxiao and Sun, Shuyang and Feng, Wansen and Liu, Ziwei and Xu, Jiarui and others},
  journal={arXiv preprint arXiv:1906.07155},
  year={2019}
}

@article{henderson2020towards,
  title={Towards the systematic reporting of the energy and carbon footprints of machine learning},
  author={Henderson, Peter and Hu, Jieru and Romoff, Joshua and Brunskill, Emma and Jurafsky, Dan and Pineau, Joelle},
  journal={Journal of Machine Learning Research},
  volume={21},
  number={248},
  pages={1--43},
  year={2020}
}

@misc{lannelongue2020green,
  title={Green Algorithms: Quantifying the carbon emissions of computation, arXiv},
  author={Lannelongue, L and Grealey, J and Inouye, M},
  year={2020}
}

@article{ravi2020accelerating,
  title={Accelerating 3d deep learning with pytorch3d},
  author={Ravi, Nikhila and Reizenstein, Jeremy and Novotny, David and Gordon, Taylor and Lo, Wan-Yen and Johnson, Justin and Gkioxari, Georgia},
  journal={arXiv preprint arXiv:2007.08501},
  year={2020}
}

@inproceedings{xu2019explicit,
  title={Explicit shape encoding for real-time instance segmentation},
  author={Xu, Wenqiang and Wang, Haiyang and Qi, Fubo and Lu, Cewu},
  booktitle={Proceedings of the IEEE/CVF International Conference on Computer Vision},
  pages={5168--5177},
  year={2019}
}

@inproceedings{zhu2019deformable,
  title={Deformable convnets v2: More deformable, better results},
  author={Zhu, Xizhou and Hu, Han and Lin, Stephen and Dai, Jifeng},
  booktitle={Proceedings of the IEEE/CVF conference on computer vision and pattern recognition},
  pages={9308--9316},
  year={2019}
}